@inbook{Wolf,
	year={2017},
	edition={4},
	pages={222-224},
	title={State machines},
	booktitle={Computers as Components: principles of embedded computing system design},
	publisher={Morgan Kaufmann},
	author={Marilyn Wolf},
}
@book{Samek,
	author={Miro Samek},
	year={2009},
	title={Practical UML Statecharts in C/C++},
	edition={2},
	publisher={Newnes},	
}

@online{ASM,
	author={Niklas G\"urtler},
	title={ARM-ASM-Tutorial},
	url={https://www.mikrocontroller.net/articles/ARM-ASM-Tutorial},
}